<?xml version="1.0" encoding="UTF-8"?><collection xmlns="http://www.loc.gov/MARC21/slim"><record><leader>00405nam--2200145-i-4500</leader><controlfield tag="001">000041864</controlfield><controlfield tag="002">20161230</controlfield><controlfield tag="005">20161230201043</controlfield><controlfield tag="008">060222s1000------------r-----000-0-eng-d</controlfield><datafield ind1=" " ind2=" " tag="080"><subfield code="a">681.84.083:534.81</subfield></datafield><datafield ind1=" " ind2=" " tag="100"><subfield code="a">Silot,G</subfield></datafield><datafield ind1=" " ind2=" " tag="245"><subfield code="a">Vom mikrofon zum ohr.moderne tonaaufnahme und wiedergabetechnik</subfield></datafield><datafield ind1=" " ind2=" " tag="260"><subfield code="a">Eindhoven, Philips, 1955. Viii + 173 P.+ Fig</subfield></datafield><datafield ind1=" " ind2=" " tag="490"><subfield code="a">Philips Techn.Bibl</subfield></datafield><datafield ind1=" " ind2=" " tag="852"><subfield code="a">11834</subfield></datafield></record></collection>